@phdthesis{moeneclaey2022cubical,
  title={Cubical models are cofreely parametric},
  author={Moeneclaey, Hugo},
  year={2022},
  school={Universit{\'e} Paris Cit{\'e}}
}