@article{coquand2025chatelet,
  title={Ch{\^a}telet's theorem in synthetic algebraic geometry},
  author={Coquand, Thierry and Moeneclaey, Hugo},
  journal={arXiv preprint},
  year={2025}
}