@article{moeneclaey2016schema,
  title={A Schema for Higher Inductive Types of Level One and Its Interpretation},
  author={Moeneclaey, Hugo},
  journal={Internship report, supervised by Peter Dybjer},
  year={2016}
}