@inproceedings{cherubini2025foundation,
  title={A Foundation for Synthetic Stone Duality},
  author={Cherubini, Felix and Coquand, Thierry and Geerligs, Freek and Moeneclaey, Hugo},
  booktitle={30th International Conference on Types for Proofs and Programs},
  year={2025}
}