@article{moeneclaey2019monoids,
  title={Monoids up to Coherent Homotopy in Two-Level Type Theory},
  author={Moeneclaey, Hugo}
  journal={Internship report, supervised by Peter LeFanu Lumsdaine}
  year={2019}
}