@article{moeneclaey2017expansion,
  title={Expansion Proofs for Arithmetic},
  author={Moeneclaey, Hugo},
  journal={Internship report, supervised by Stefan Hetzl},
  year={2017}
}