@incollection{martin1975intuitionistic,
  title={An intuitionistic theory of types: Predicative part},
  author={Martin-L{\"o}f, Per},
  booktitle={Studies in Logic and the Foundations of Mathematics},
  pages={73--118},
  year={1975}
}

@article{shulman2018brouwer,
  title={Brouwer's fixed-point theorem in real-cohesive homotopy type theory},
  author={Shulman, Michael},
  journal={Mathematical Structures in Computer Science},
  volume={28},
  number={6},
  pages={856--941},
  year={2018}
}

@article{shulman2019all,
  title={All {$(\infty, 1)$}-toposes have strict univalent universes},
  author={Shulman, Michael},
  journal={arXiv preprint arXiv:1904.07004},
  year={2019}
}

@incollection{shulman2021homotopy,
  title={Homotopy type theory: the logic of space},
  author={Shulman, Michael},
  booktitle={New Spaces in Mathematics: Formal and Conceptual Reflections},
  pages={322--404},
  year={2021},
  publisher={Cambridge University Press}
}

@article{escardo2004synthetic,
  title={Synthetic topology: of data types and classical spaces},
  author={Escard{\'o}, Mart{\'\i}n},
  journal={Electronic Notes in Theoretical Computer Science},
  volume={87},
  pages={21--156},
  year={2004}
}

@article{levsnik2021synthetic,
  title={Synthetic topology and constructive metric spaces},
  author={Le{\v{s}}nik, Davorin},
  journal={arXiv preprint arXiv:2104.10399},
  year={2021}
}

@misc{type-topology,
  title    = {{TypeTopology}},
  author   = {Escard\'{o}, Mart\'{i}n and {contributors}},
  url      = {https://github.com/martinescardo/TypeTopology},
  note     = {{Agda} development},
}

@Book{hottbook,
  author =    {The {Univalent Foundations Program}},
  title =     {Homotopy Type Theory: Univalent Foundations of Mathematics},
  publisher = {\url{https://homotopytypetheory.org/book}},
  address =   {Institute for Advanced Study},
  year =      2013
}

@incollection{lawvere-categorical-dynamics,
  title={Categorical Dynamics},
  booktitle={Topos Theoretic Methods in Geometry},
  year={1979},
  pages={1--28},
  author={Lawvere, William},
  publisher={Aarhus Universitet}
}

@book{kock2006synthetic,
  title={Synthetic differential geometry},
  author={Kock, Anders},
  year={2006},
  publisher={Cambridge University Press}
}

@article{rijke2022introduction,
  title={Introduction to homotopy type theory},
  author={Rijke, Egbert},
  journal={arXiv preprint arXiv:2212.11082},
  year={2022}
}

@article{kapulkin2021simplicial,
  title={The simplicial model of univalent foundations (after {V}oevodsky)},
  author={Kapulkin, Krzysztof and Lumsdaine, Peter LeFanu},
  journal={Journal of the European Mathematical Society},
  volume={23},
  number={6},
  pages={2071--2126},
  year={2021}
}

@inproceedings{licata2013calculating,
  title={Calculating the fundamental group of the circle in homotopy type theory},
  author={Licata, Daniel and Shulman, Michael},
  booktitle={28th annual ACM/IEEE symposium on Logic in Computer Science},
  pages={223--232},
  year={2013},
}

@inproceedings{licata2014eilenberg,
  title={Eilenberg-MacLane spaces in homotopy type theory},
  author={Licata, Daniel and Finster, Eric},
  booktitle={Joint meeting of the 33rd annual Conference on Computer Science Logic and the 29th annual ACM/IEEE symposium on Logic in Computer Science},
  pages={1--9},
  year={2014}
}

@inproceedings{buchholtz2018higher,
  title={Higher groups in homotopy type theory},
  author={Buchholtz, Ulrik and van Doorn, Floris and Rijke, Egbert},
  booktitle={33rd Annual ACM/IEEE symposium on Logic in Computer Science},
  pages={205--214},
  year={2018}
}

@inproceedings{sojakova2020sequential,
  title={Sequential colimits in homotopy type theory},
  author={Sojakova, Kristina and Doorn, Floris van and Rijke, Egbert},
  booktitle={35th Annual ACM/IEEE symposium on Logic in Computer Science},
  pages={845--858},
  year={2020}
}

@inproceedings{buchholtz2017real,
  title={The real projective spaces in homotopy type theory},
  author={Buchholtz, Ulrik and Rijke, Egbert},
  booktitle={32nd Annual ACM/IEEE Symposium on Logic in Computer Science},
  pages={1--8},
  year={2017},
}

@phdthesis{brunerie2016homotopy,
  title={On the homotopy groups of spheres in homotopy type theory},
  author={Brunerie, Guillaume},
  year={2016},
  school={Universit{\'e} Nice Sophia Antipolis}
}

@phdthesis{cavallo2015synthetic,
  title={Synthetic cohomology in homotopy type theory},
  author={Cavallo, Evan},
  year={2015},
  school={Carnegie Mellon University}
}

@article{rijke2020modalities,
  title={Modalities in homotopy type theory},
  author={Rijke, Egbert and Shulman, Michael and Spitters, Bas},
  journal={Logical Methods in Computer Science},
  volume={16},
  year={2020}
}

@article{christensen2018localization,
  title={Localization in homotopy type theory},
  author={Christensen, Daniel and Opie, Morgan and Rijke, Egbert and Scoccola, Luis},
  journal={arXiv preprint arXiv:1807.04155},
  year={2018}
}

@article{cherubini2024foundationsag,
  title={A foundation for synthetic algebraic geometry},
  author={Cherubini, Felix and Coquand, Thierry and Hutzler, Matthias},
  journal={Mathematical Structures in Computer Science},
  volume={34},
  number={9},
  pages={1008--1053},
  year={2024}
}

@article{cherubini2024projective,
  title={Projective Space in Synthetic Algebraic Geometry},
  author={Cherubini, Felix and Coquand, Thierry and Hutzler, Matthias and W{\"a}rn, David},
  journal={arXiv preprint arXiv:2405.13916},
  year={2024}
}

@article{cherubini2024foundationssd,
  title={A Foundation for Synthetic Stone Duality},
  author={Cherubini, Felix and Coquand, Thierry and Geerligs, Freek and Moeneclaey, Hugo},
  journal={arXiv preprint arXiv:2412.03203},
  year={2024}
}

@book{silverman2009arithmetic,
  title={The arithmetic of elliptic curves},
  author={Silverman, Joseph},
  year={2009},
  publisher={Springer}
}

@book{hartshorne2013algebraic,
  title={Algebraic geometry},
  author={Hartshorne, Robin},
  year={2013},
  publisher={Springer}
}

@article{clausen2023analytic,
  title={Analytic stacks},
  author={Clausen, Dustin and Scholze, Peter},
  journal={Lecture series},
  year={2023}
}

@article{simpson1996algebraic,
  title={Algebraic (geometric) $ n $-stacks},
  author={Simpson, Carlos},
  journal={arXiv preprint alg-geom/9609014},
  year={1996}
}

@article{williams2025projective,
  title={Projective Presentations of Lex Modalities},
  author={Williams, Mark Damuni},
  journal={arXiv preprint arXiv:2501.19187},
  year={2025}
}

@article{blechschmidt2024nullstellensatz,
  title={A General {N}ullstellensatz for Generalised Spaces},
  author={Blechschmidt, Ingo}, 
  year={2024}, 
  journal={\url{https://rawgit.com/iblech/internal-methods/master/paper-qcoh.pdf}}
}

@article{gratzer2024directed,
  title={Directed univalence in simplicial homotopy type theory},
  author={Gratzer, Daniel and Weinberger, Jonathan and Buchholtz, Ulrik},
  journal={arXiv preprint arXiv:2407.09146},
  year={2024}
}

@article{kaposi2020signatures,
  title={Signatures and induction principles for higher inductive-inductive types},
  author={Kaposi, Ambrus and Kov{\'a}cs, Andr{\'a}s},
  journal={Logical Methods in Computer Science},
  volume={16},
  year={2020},
}

@article{devalapurkar2021james,
  title={On the {J}ames and {H}ilton-{M}ilnor splittings, and the metastable {EHP} sequence},
  author={Devalapurkar, Sanath and Haine, Peter},
  journal={Documenta Mathematica},
  volume={26},
  pages={1423--1464},
  year={2021}
}

@inproceedings{chatelet1944variations,
  title={Variations sur un th{\`e}me de H. Poincar{\'e}},
  author={Ch{\^a}telet, Fran{\c{c}}ois},
  booktitle={Annales scientifiques de l'{\'E}cole Normale Sup{\'e}rieure},
  volume={61},
  pages={249--300},
  year={1944}
}

@article{vezzosi2019cubical,
  title={Cubical {A}gda: a dependently typed programming language with univalence and higher inductive types},
  author={Vezzosi, Andrea and M{\"o}rtberg, Anders and Abel, Andreas},
  journal={Proceedings of the ACM on Programming Languages},
  volume={3},
  number={ICFP},
  pages={1--29},
  year={2019}
}

@article{cohen2016cubical,
  title={Cubical type theory: a constructive interpretation of the univalence axiom},
  author={Cohen, Cyril and Coquand, Thierry and Huber, Simon and M{\"o}rtberg, Anders},
  journal={arXiv preprint arXiv:1611.02108},
  year={2016}
}

@article{tabareau2021marriage,
  title={The marriage of univalence and parametricity},
  author={Tabareau, Nicolas and Tanter, {\'E}ric and Sozeau, Matthieu},
  journal={Journal of the ACM},
  volume={68},
  number={1},
  pages={1--44},
  year={2021}
}

@article{altenkirch2024internal,
  title={Internal parametricity, without an interval},
  author={Altenkirch, Thorsten and Chamoun, Yorgo and Kaposi, Ambrus and Shulman, Michael},
  journal={Proceedings of the ACM on Programming Languages},
  volume={8},
  number={POPL},
  pages={2340--2369},
  year={2024}
}

@article{cherubini2025differential,
  title={Differential geometry of schemes},
  author={Cherubini, Felix and Hutzler, Matthias and Moeneclaey, Hugo and W\"arn, David},
  journal={arXiv preprint},
  year={2025}
}

@article{coquand2025chatelet,
  title={Ch{\^a}telet's theorem in synthetic algebraic geometry},
  author={Coquand, Thierry and Moeneclaey, Hugo},
  journal={arXiv preprint},
  year={2025}
}

@article{freeman2014active,
  title={Active learning increases student performance in science, engineering, and mathematics},
  author={Freeman, Scott and Eddy, Sarah L and McDonough, Miles and Smith, Michelle K and Okoroafor, Nnadozie and Jordt, Hannah and Wenderoth, Mary Pat},
  journal={Proceedings of the national academy of sciences},
  volume={111},
  number={23},
  pages={8410--8415},
  year={2014},
}
