@article{moeneclaey2019toward,
  title={Toward a Cubical Type Theory Univalent by Definition},
  author={Moeneclaey, Hugo},
  journal={Internship report, supervised by Hugo Herbelin},
  year={2019}
}