@article{cherubini2024foundation,
  title={A Foundation for Synthetic Stone Duality},
  author={Cherubini, Felix and Coquand, Thierry and Geerligs, Freek and Moeneclaey, Hugo},
  journal={arXiv preprint arXiv:2412.03203},
  year={2024}
}