@article{moeneclaey2021parametricity,
  title={Parametricity and Semi-Cubical Types},
  author={Moeneclaey, Hugo},
  journal={arXiv preprint arXiv:2105.08422},
  year={2021}
}