@inproceedings{moeneclaey2021parametricity,
  title={Parametricity and semi-cubical types},
  author={Moeneclaey, Hugo},
  booktitle={2021 36th Annual ACM/IEEE Symposium on Logic in Computer Science (LICS)},
  pages={1--11},
  year={2021},
  organization={IEEE}
}