@article{cherubini2025differential,
  title={Differential geometry of schemes},
  author={Cherubini, Felix and Hutzler, Matthias and Moeneclaey, Hugo and W\"arn, David},
  journal={arXiv preprint},
  year={2025}
}