@article{dybjer2018finitary,
  title={Finitary higher inductive types in the groupoid model},
  author={Dybjer, Peter and Moeneclaey, Hugo},
  journal={Electronic Notes in Theoretical Computer Science},
  volume={336},
  pages={119--134},
  year={2018},
  publisher={Elsevier}
}