@article{moeneclaey2022notions,
  title={Notions of parametricity as monoidal models for type theory},
  author={Moeneclaey, Hugo},
  journal={arXiv preprint arXiv:2209.01085},
  year={2022}
}