@article{moeneclaey2018segal,
  title={Quasi-categories and Complete Segal Spaces},
  author={Moeneclaey, Hugo},
  journal={Master Thesis, supervised by Georges Maltsiniotis},
  year={2018}
}